                  
                  
@InProceedings{furlani91,
  author =       {J. L. Furlani},
  title =        {{Providing a Flexible User Environment}},
  booktitle = {{Proceeding of the Fifth Large Installation System Administration (LISA V}},
  year =      1991,
  pages =     {141--152}
}

@InProceedings{furlani96,
  author =       {J. L. Furlani and P. W. Osel},
  title =        {{Abstract yourself with Modules}},
  booktitle = {{Proceeding of the Tenth Large Installation System Administration (LISA '96}},
  year =      1996,
  pages =     {193--204}
}

@Misc{laytonEM1,
  author =    {Jeff Layton},
  title =     {{Environment Modules - A Great Tool for Clusters }},
  howpublished = {Admin HPC},
  note =      {\url{www.admin-magazine.com/HPC/Articles/Environment-Module}}
}
                  
@Misc{laytonEM2,
  author =    {Jeff Layton},
  title =     {{Gathering Data on Environment Modules}},
  howpublished = {Admin HPC},
  note =      {\url{www.admin-magazine.com/HPC/Articles/Environment-Module}}
}
                  
@Misc{laytonLmod,
  author =    {Jeff Layton},
  title =     {{Lmod â€“ Alternative Environment Modules}},
  howpublished = {Admin HPC},
  note =      {\url{www.admin-magazine.com/HPC/Articles/Lmod-Alternative-Environment-Modules}},
}

@Misc{taccSecretSauce,
  author =    {Aaron Dubrow},
  title =     {{Lmod:The "Secret Sauce" Behind Module Management at TACC}},
  howpublished = {www.tacc.utexas.edu},
  note =      {\url{www.tacc.utexas.edu/news/feature-stories/2012/lmod}},
}
                  
@Proceedings{LmodSC11,
  author =       {Robert McLay and Karl W. Schultz and William L. Barth and Tommy Minyard},
  title =        {{Best Practices for the Deployment and Management of Production HPC Clusters}},
  booktitle = {Super Computing '11},
  year =     2011,
  organization = {Super Computing 2011}
}


@Misc{eadline,
  author =    {Douglas Eadline},
  title =     {{Keeping It Straight: Environment Modules}},
  howpublished = {Admin HPC},
  note =      {\url{www.admin-magazine.com/HPC/Articles/Managing-the-Build-Environment-with-Environment-Modules}}
}

@Misc{wikiDEISA,
  key   =     {Wikipedia Staff},
  title =     {{Distributed European Infrastructure for Supercomputing Applications}},
  note =      {\url{en.wikipedia.org/wiki/DEISA}}
}
                  
@Misc{wikiEM,
  key =       {Wikipedia Staff},  
  title =     {{Environment Modules (software)}},
  note =      {\url{en.wikipedia.org/wiki/Environment_Modules}}
}

@Misc{cmod,
  author =    {Per Cederqvist and Kent Engtr\"om and Henrik Rindl\"ow and David K\r{a}gedal},
  title =     {{Cmod - Modules Done Right}},
  year =      1997,
  note =      {\url{www.lysator.liu.se/cmod/}}
}

